[{"trade_seq": 30287934, "trade_id": "48077266", "timestamp": 1590470068370, "tick_direction": 2, "price": 8897.0, "mark_price": 8897.38, "instrument_name": "BTC-PERPETUAL", "index_price": 8901.66, "direction": "sell", "amount": 90.0}, {"trade_seq": 30287935, "trade_id": "48077267", "timestamp": 1590470094834, "tick_direction": 3, "price": 8897.0, "mark_price": 8896.34, "instrument_name": "BTC-PERPETUAL", "index_price": 8900.86, "direction": "sell", "amount": 4450.0}, {"trade_seq": 30287936, "trade_id": "48077268", "timestamp": 1590470094834, "tick_direction": 2, "price": 8895.5, "mark_price": 8896.34, "instrument_name": "BTC-PERPETUAL", "index_price": 8900.86, "direction": "sell", "amount": 3560.0}, {"trade_seq": 30287937, "trade_id": "48077269", "timestamp": 1590470094834, "tick_direction": 2, "price": 8895.0, "mark_price": 8896.34, "instrument_name": "BTC-PERPETUAL", "index_price": 8900.86, "direction": "sell", "amount": 880.0}, {"trade_seq": 305382, "trade_id": "48077270", "timestamp": 1590470272337, "tick_direction": 0, "price": 8948.5, "mark_price": 8912.29, "instrument_name": "BTC-26JUN20", "index_price": 8902.35, "direction": "buy", "amount": 100.0}, {"trade_seq": 30287938, "trade_id": "48077271", "timestamp": 1590470274507, "tick_direction": 0, "price": 8897.0, "mark_price": 8897.71, "instrument_name": "BTC-PERPETUAL", "index_price": 8902.4, "direction": "sell", "amount": 100.0}, {"trade_seq": 30287939, "trade_id": "48077272", "timestamp": 1590470339804, "tick_direction": 0, "price": 8897.5, "mark_price": 8898.99, "instrument_name": "BTC-PERPETUAL", "index_price": 8904.28, "direction": "buy", "amount": 500.0}, {"trade_seq": 30287940, "trade_id": "48077273", "timestamp": 1590470339953, "tick_direction": 0, "price": 8899.5, "mark_price": 8898.99, "instrument_name": "BTC-PERPETUAL", "index_price": 8904.28, "direction": "buy", "amount": 50.0}, {"trade_seq": 30287941, "trade_id": "48077274", "timestamp": 1590470339953, "tick_direction": 1, "price": 8899.5, "mark_price": 8898.99, "instrument_name": "BTC-PERPETUAL", "index_price": 8904.28, "direction": "buy", "amount": 50.0}, {"trade_seq": 30287942, "trade_id": "48077276", "timestamp": 1590470343822, "tick_direction": 0, "price": 8905.0, "mark_price": 8904.56, "instrument_name": "BTC-PERPETUAL", "index_price": 8909.1, "direction": "buy", "amount": 4450.0}, {"trade_seq": 30287943, "trade_id": "48077277", "timestamp": 1590470389472, "tick_direction": 0, "price": 8907.0, "mark_price": 8907.42, "instrument_name": "BTC-PERPETUAL", "index_price": 8910.17, "direction": "sell", "amount": 4450.0}, {"trade_seq": 30287944, "trade_id": "48077278", "timestamp": 1590470389472, "tick_direction": 1, "price": 8907.0, "mark_price": 8907.42, "instrument_name": "BTC-PERPETUAL", "index_price": 8910.17, "direction": "sell", "amount": 4450.0}, {"trade_seq": 30287945, "trade_id": "48077279", "timestamp": 1590470389475, "tick_direction": 1, "price": 8907.0, "mark_price": 8907.42, "instrument_name": "BTC-PERPETUAL", "index_price": 8910.17, "direction": "sell", "amount": 1620.0}, {"trade_seq": 30287946, "trade_id": "48077280", "timestamp": 1590470389526, "tick_direction": 2, "price": 8902.5, "mark_price": 8907.42, "instrument_name": "BTC-PERPETUAL", "index_price": 8910.17, "direction": "sell", "amount": 500.0}, {"trade_seq": 305383, "trade_id": "48077281", "timestamp": 1590470391104, "tick_direction": 2, "price": 8919.5, "mark_price": 8946.96, "instrument_name": "BTC-26JUN20", "index_price": 8909.01, "direction": "sell", "amount": 200.0}, {"trade_seq": 305384, "trade_id": "48077282", "timestamp": 1590470391104, "tick_direction": 2, "price": 8903.5, "mark_price": 8946.96, "instrument_name": "BTC-26JUN20", "index_price": 8909.01, "direction": "sell", "amount": 4250.0}, {"trade_seq": 305385, "trade_id": "48077283", "timestamp": 1590470397421, "tick_direction": 3, "price": 8903.5, "mark_price": 8930.94, "instrument_name": "BTC-26JUN20", "index_price": 8906.84, "direction": "sell", "amount": 1620.0}, {"trade_seq": 30287947, "trade_id": "48077284", "timestamp": 1590470459315, "tick_direction": 2, "price": 8897.5, "mark_price": 8897.16, "instrument_name": "BTC-PERPETUAL", "index_price": 8902.6, "direction": "sell", "amount": 50.0}, {"trade_seq": 30287948, "trade_id": "48077285", "timestamp": 1590470459315, "tick_direction": 3, "price": 8897.5, "mark_price": 8897.16, "instrument_name": "BTC-PERPETUAL", "index_price": 8902.6, "direction": "sell", "amount": 50.0}, {"trade_seq": 30287949, "trade_id": "48077286", "timestamp": 1590470459315, "tick_direction": 3, "price": 8897.5, "mark_price": 8897.16, "instrument_name": "BTC-PERPETUAL", "index_price": 8902.6, "direction": "sell", "amount": 2090.0}]