[{"trade_seq": 2, "trade_id": "54082677", "timestamp": 1600732934107, "tick_direction": 1, "price": 0.0225, "mark_price": 0.02318444, "iv": 74.87, "instrument_name": "BTC-23SEP20-10500-P", "index_price": 10408.52, "direction": "buy", "amount": 1.0}, {"trade_seq": 6923, "trade_id": "54082727", "timestamp": 1600732982423, "tick_direction": 0, "price": 0.0075, "mark_price": 0.00629992, "iv": 126.63, "instrument_name": "BTC-25SEP20-12000-C", "index_price": 10384.78, "direction": "buy", "amount": 5.0}, {"trade_seq": 6924, "trade_id": "54082728", "timestamp": 1600732982423, "tick_direction": 0, "price": 0.008, "mark_price": 0.00629992, "iv": 129.07, "instrument_name": "BTC-25SEP20-12000-C", "index_price": 10384.78, "direction": "buy", "amount": 5.0}, {"trade_seq": 6925, "trade_id": "54082729", "timestamp": 1600732982423, "tick_direction": 0, "price": 0.0085, "mark_price": 0.00629992, "iv": 131.45, "instrument_name": "BTC-25SEP20-12000-C", "index_price": 10384.78, "direction": "buy", "amount": 5.0}, {"trade_seq": 6926, "trade_id": "54082730", "timestamp": 1600732982423, "tick_direction": 0, "price": 0.0115, "mark_price": 0.00629992, "iv": 144.72, "instrument_name": "BTC-25SEP20-12000-C", "index_price": 10384.78, "direction": "buy", "amount": 5.0}, {"trade_seq": 2, "trade_id": "54082776", "timestamp": 1600733013679, "tick_direction": 2, "price": 0.011, "mark_price": 0.01420318, "iv": 67.95, "instrument_name": "BTC-23SEP20-10250-P", "index_price": 10367.48, "direction": "buy", "amount": 4.0}, {"trade_seq": 1, "trade_id": "54083145", "timestamp": 1600733659820, "tick_direction": 1, "price": 0.0845, "mark_price": 0.08159337, "iv": 116.96, "instrument_name": "BTC-23SEP20-9625-C", "index_price": 10467.16, "direction": "buy", "block_trade_id": "20159", "amount": 100.0}, {"trade_seq": 3, "trade_id": "54083146", "timestamp": 1600733659821, "tick_direction": 0, "price": 0.0095, "mark_price": 0.01142635, "iv": 82.66, "instrument_name": "BTC-23SEP20-10750-C", "index_price": 10467.16, "direction": "sell", "block_trade_id": "20159", "amount": 100.0}, {"trade_seq": 2, "trade_id": "54083320", "timestamp": 1600733988175, "tick_direction": 2, "price": 0.092, "mark_price": 0.0939496, "iv": 0.0, "instrument_name": "BTC-23SEP20-9500-C", "index_price": 10474.96, "direction": "sell", "block_trade_id": "20160", "amount": 100.0}, {"trade_seq": 2, "trade_id": "54083321", "timestamp": 1600733988176, "tick_direction": 2, "price": 0.072, "mark_price": 0.07119389, "iv": 91.99, "instrument_name": "BTC-23SEP20-9750-C", "index_price": 10474.96, "direction": "buy", "block_trade_id": "20160", "amount": 100.0}, {"trade_seq": 699, "trade_id": "54083858", "timestamp": 1600735332446, "tick_direction": 0, "price": 0.5365, "mark_price": 0.55403927, "iv": 72.45, "instrument_name": "BTC-25DEC20-16000-P", "index_price": 10449.64, "direction": "sell", "amount": 0.1}, {"trade_seq": 700, "trade_id": "54083859", "timestamp": 1600735332446, "tick_direction": 2, "price": 0.535, "mark_price": 0.55403927, "iv": 71.3, "instrument_name": "BTC-25DEC20-16000-P", "index_price": 10449.64, "direction": "sell", "amount": 0.1}, {"trade_seq": 701, "trade_id": "54083860", "timestamp": 1600735332446, "tick_direction": 2, "price": 0.534, "mark_price": 0.55403927, "iv": 70.52, "instrument_name": "BTC-25DEC20-16000-P", "index_price": 10449.64, "direction": "sell", "amount": 0.1}, {"trade_seq": 702, "trade_id": "54083861", "timestamp": 1600735332446, "tick_direction": 2, "price": 0.5335, "mark_price": 0.55403927, "iv": 70.13, "instrument_name": "BTC-25DEC20-16000-P", "index_price": 10449.64, "direction": "sell", "amount": 0.1}, {"trade_seq": 703, "trade_id": "54083862", "timestamp": 1600735332446, "tick_direction": 2, "price": 0.5325, "mark_price": 0.55403927, "iv": 69.33, "instrument_name": "BTC-25DEC20-16000-P", "index_price": 10449.64, "direction": "sell", "amount": 0.1}, {"trade_seq": 704, "trade_id": "54083887", "timestamp": 1600735589313, "tick_direction": 0, "price": 0.584, "mark_price": 0.55209605, "iv": 103.67, "instrument_name": "BTC-25DEC20-16000-P", "index_price": 10464.99, "direction": "buy", "amount": 0.1}, {"trade_seq": 705, "trade_id": "54083888", "timestamp": 1600735589313, "tick_direction": 0, "price": 0.585, "mark_price": 0.55209605, "iv": 104.24, "instrument_name": "BTC-25DEC20-16000-P", "index_price": 10464.99, "direction": "buy", "amount": 0.1}, {"trade_seq": 706, "trade_id": "54083889", "timestamp": 1600735589313, "tick_direction": 0, "price": 0.586, "mark_price": 0.55209605, "iv": 104.8, "instrument_name": "BTC-25DEC20-16000-P", "index_price": 10464.99, "direction": "buy", "amount": 0.1}, {"trade_seq": 707, "trade_id": "54083890", "timestamp": 1600735589313, "tick_direction": 0, "price": 0.5875, "mark_price": 0.55209605, "iv": 105.63, "instrument_name": "BTC-25DEC20-16000-P", "index_price": 10464.99, "direction": "buy", "amount": 0.1}, {"trade_seq": 708, "trade_id": "54083891", "timestamp": 1600735589313, "tick_direction": 0, "price": 0.589, "mark_price": 0.55209605, "iv": 106.47, "instrument_name": "BTC-25DEC20-16000-P", "index_price": 10464.99, "direction": "buy", "amount": 0.1}]